[gd_scene load_steps=9 format=2]

[ext_resource path="res://Scenes/boss.tres" type="SpriteFrames" id=2]
[ext_resource path="res://Scripts/EnemyBoss.gd" type="Script" id=3]

[sub_resource type="RectangleShape2D" id=1]
extents = Vector2( 20.6767, 26.7204 )

[sub_resource type="RectangleShape2D" id=2]
extents = Vector2( 17.9162, 10 )

[sub_resource type="RectangleShape2D" id=3]
extents = Vector2( 18.4453, 22.5268 )

[sub_resource type="RectangleShape2D" id=4]
extents = Vector2( 13.5445, 19.352 )

[sub_resource type="RectangleShape2D" id=5]
extents = Vector2( 25.6619, 24.7788 )

[sub_resource type="RectangleShape2D" id=6]
extents = Vector2( 24.954, 21.0376 )

[node name="EnemyBoss" type="KinematicBody2D"]
collision_layer = 4
script = ExtResource( 3 )

[node name="CollisionShape2D" type="CollisionShape2D" parent="."]
position = Vector2( 0.0917511, -11.7953 )
shape = SubResource( 1 )

[node name="AnimatedSprite" type="AnimatedSprite" parent="."]
position = Vector2( 0.794586, -27.0164 )
scale = Vector2( 1.5, 1.5 )
frames = ExtResource( 2 )
animation = "ulti"
frame = 10
playing = true
flip_h = true

[node name="HitArea" type="Area2D" parent="AnimatedSprite"]

[node name="HitArea1" type="CollisionShape2D" parent="AnimatedSprite/HitArea"]
position = Vector2( -25.7709, 10.0174 )
shape = SubResource( 2 )
disabled = true

[node name="HitArea2" type="CollisionShape2D" parent="AnimatedSprite/HitArea"]
position = Vector2( -12.278, 5.51974 )
shape = SubResource( 3 )
disabled = true

[node name="DetectArea" type="Area2D" parent="AnimatedSprite"]
visible = false

[node name="DetectArea1" type="CollisionShape2D" parent="AnimatedSprite/DetectArea"]
position = Vector2( -17.0402, 9.22367 )
shape = SubResource( 4 )

[node name="UltiArea" type="Area2D" parent="AnimatedSprite"]
visible = false
position = Vector2( -0.529724, 18.0109 )
scale = Vector2( 0.666667, 0.666667 )

[node name="UltiDetect" type="CollisionShape2D" parent="AnimatedSprite/UltiArea"]
position = Vector2( -159.717, -20.8429 )
scale = Vector2( 1.5, 1.5 )
shape = SubResource( 5 )

[node name="UltiHitArea" type="Area2D" parent="AnimatedSprite"]

[node name="UltiHit" type="CollisionShape2D" parent="AnimatedSprite/UltiHitArea"]
position = Vector2( -106.675, 6.73475 )
shape = SubResource( 6 )
disabled = true

[connection signal="body_entered" from="AnimatedSprite/HitArea" to="." method="_on_HitArea_body_entered"]
[connection signal="body_entered" from="AnimatedSprite/DetectArea" to="." method="_on_DetectArea_body_entered"]
[connection signal="body_exited" from="AnimatedSprite/DetectArea" to="." method="_on_DetectArea_body_exited"]
[connection signal="body_entered" from="AnimatedSprite/UltiArea" to="." method="_on_UltiArea_body_entered"]
[connection signal="body_entered" from="AnimatedSprite/UltiHitArea" to="." method="_on_UltiHitArea_body_entered"]
