[gd_scene load_steps=64 format=2]

[ext_resource path="res://Assets/Hero Knight/Sprites/HeroKnight/HeroKnight.png" type="Texture" id=1]
[ext_resource path="res://Scripts/PlayerKnight.gd" type="Script" id=2]

[sub_resource type="RectangleShape2D" id=1]
extents = Vector2( 21.4322, 25.6587 )

[sub_resource type="RectangleShape2D" id=2]
extents = Vector2( 22.9912, 25.6587 )

[sub_resource type="RectangleShape2D" id=3]
extents = Vector2( 13.817, 20.3737 )

[sub_resource type="Animation" id=4]
resource_name = "attack1"
length = 0.6
tracks/0/type = "value"
tracks/0/path = NodePath("Sprite:frame")
tracks/0/interp = 1
tracks/0/loop_wrap = true
tracks/0/imported = false
tracks/0/enabled = true
tracks/0/keys = {
"times": PoolRealArray( 0, 0.1, 0.2, 0.3, 0.4, 0.5 ),
"transitions": PoolRealArray( 1, 1, 1, 1, 1, 1 ),
"update": 1,
"values": [ 18, 19, 20, 21, 22, 23 ]
}
tracks/1/type = "value"
tracks/1/path = NodePath("Sprite/HitArea/HitAreaCombo:disabled")
tracks/1/interp = 1
tracks/1/loop_wrap = true
tracks/1/imported = false
tracks/1/enabled = true
tracks/1/keys = {
"times": PoolRealArray( 0, 0.2, 0.4 ),
"transitions": PoolRealArray( 1, 1, 1 ),
"update": 1,
"values": [ true, false, true ]
}

[sub_resource type="Animation" id=5]
resource_name = "attack2"
length = 0.6
tracks/0/type = "value"
tracks/0/path = NodePath("Sprite:frame")
tracks/0/interp = 1
tracks/0/loop_wrap = true
tracks/0/imported = false
tracks/0/enabled = true
tracks/0/keys = {
"times": PoolRealArray( 0, 0.1, 0.2, 0.3, 0.4, 0.5 ),
"transitions": PoolRealArray( 1, 1, 1, 1, 1, 1 ),
"update": 1,
"values": [ 23, 24, 25, 26, 27, 28 ]
}
tracks/1/type = "value"
tracks/1/path = NodePath("Sprite/HitArea/HitAreaCombo:disabled")
tracks/1/interp = 1
tracks/1/loop_wrap = true
tracks/1/imported = false
tracks/1/enabled = true
tracks/1/keys = {
"times": PoolRealArray( 0, 0.2, 0.4 ),
"transitions": PoolRealArray( 1, 1, 1 ),
"update": 1,
"values": [ true, false, true ]
}

[sub_resource type="Animation" id=6]
resource_name = "attack3"
length = 0.9
tracks/0/type = "value"
tracks/0/path = NodePath("Sprite:frame")
tracks/0/interp = 1
tracks/0/loop_wrap = true
tracks/0/imported = false
tracks/0/enabled = true
tracks/0/keys = {
"times": PoolRealArray( 0, 0.1, 0.2, 0.3, 0.4, 0.5, 0.6, 0.7, 0.8 ),
"transitions": PoolRealArray( 1, 1, 1, 1, 1, 1, 1, 1, 1 ),
"update": 1,
"values": [ 28, 29, 30, 31, 32, 33, 34, 35, 36 ]
}
tracks/1/type = "value"
tracks/1/path = NodePath("Sprite/HitArea/HitAreaFinal:disabled")
tracks/1/interp = 1
tracks/1/loop_wrap = true
tracks/1/imported = false
tracks/1/enabled = true
tracks/1/keys = {
"times": PoolRealArray( 0, 0.4, 0.6 ),
"transitions": PoolRealArray( 1, 1, 1 ),
"update": 1,
"values": [ true, false, true ]
}

[sub_resource type="Animation" id=7]
resource_name = "blocked"
length = 0.6
tracks/0/type = "value"
tracks/0/path = NodePath("Sprite:frame")
tracks/0/interp = 1
tracks/0/loop_wrap = true
tracks/0/imported = false
tracks/0/enabled = true
tracks/0/keys = {
"times": PoolRealArray( 0, 0.1, 0.2, 0.3, 0.4, 0.5 ),
"transitions": PoolRealArray( 1, 1, 1, 1, 1, 1 ),
"update": 1,
"values": [ 66, 67, 68, 69, 70, 65 ]
}

[sub_resource type="Animation" id=8]
resource_name = "blocking"
length = 0.8
loop = true
tracks/0/type = "value"
tracks/0/path = NodePath("Sprite:frame")
tracks/0/interp = 1
tracks/0/loop_wrap = true
tracks/0/imported = false
tracks/0/enabled = true
tracks/0/keys = {
"times": PoolRealArray( 0, 0.1, 0.2, 0.3, 0.4, 0.5, 0.6, 0.7 ),
"transitions": PoolRealArray( 1, 1, 1, 1, 1, 1, 1, 1 ),
"update": 1,
"values": [ 58, 59, 60, 61, 62, 63, 64, 65 ]
}

[sub_resource type="Animation" id=9]
resource_name = "death"
tracks/0/type = "value"
tracks/0/path = NodePath("Sprite:frame")
tracks/0/interp = 1
tracks/0/loop_wrap = true
tracks/0/imported = false
tracks/0/enabled = true
tracks/0/keys = {
"times": PoolRealArray( 0, 0.1, 0.2, 0.3, 0.4, 0.5, 0.6, 0.7, 0.8, 0.9 ),
"transitions": PoolRealArray( 1, 1, 1, 1, 1, 1, 1, 1, 1, 1 ),
"update": 1,
"values": [ 48, 49, 50, 51, 52, 53, 54, 55, 56, 57 ]
}

[sub_resource type="Animation" id=10]
length = 0.4
loop = true
tracks/0/type = "value"
tracks/0/path = NodePath("Sprite:frame")
tracks/0/interp = 1
tracks/0/loop_wrap = true
tracks/0/imported = false
tracks/0/enabled = true
tracks/0/keys = {
"times": PoolRealArray( 0.00357816, 0.103578, 0.203578, 0.301789 ),
"transitions": PoolRealArray( 1, 1, 1, 1 ),
"update": 1,
"values": [ 41, 42, 43, 44 ]
}

[sub_resource type="Animation" id=11]
resource_name = "hurt"
length = 0.4
tracks/0/type = "value"
tracks/0/path = NodePath("Sprite:frame")
tracks/0/interp = 1
tracks/0/loop_wrap = true
tracks/0/imported = false
tracks/0/enabled = true
tracks/0/keys = {
"times": PoolRealArray( 0, 0.1, 0.2, 0.3 ),
"transitions": PoolRealArray( 1, 1, 1, 1 ),
"update": 1,
"values": [ 45, 46, 47, 0 ]
}

[sub_resource type="Animation" id=12]
length = 1.2
loop = true
step = 0.2
tracks/0/type = "value"
tracks/0/path = NodePath("Sprite:frame")
tracks/0/interp = 1
tracks/0/loop_wrap = true
tracks/0/imported = false
tracks/0/enabled = true
tracks/0/keys = {
"times": PoolRealArray( 0, 0.2, 0.4, 0.6, 0.8, 1, 1.2 ),
"transitions": PoolRealArray( 1, 1, 1, 1, 1, 1, 1 ),
"update": 1,
"values": [ 0, 1, 3, 4, 5, 6, 7 ]
}

[sub_resource type="Animation" id=13]
length = 0.5
tracks/0/type = "value"
tracks/0/path = NodePath("Sprite:frame")
tracks/0/interp = 1
tracks/0/loop_wrap = true
tracks/0/imported = false
tracks/0/enabled = true
tracks/0/keys = {
"times": PoolRealArray( 0, 0.1, 0.2, 0.3 ),
"transitions": PoolRealArray( 1, 1, 1, 1 ),
"update": 1,
"values": [ 0, 38, 39, 40 ]
}

[sub_resource type="Animation" id=14]
loop = true
tracks/0/type = "value"
tracks/0/path = NodePath("Sprite:frame")
tracks/0/interp = 1
tracks/0/loop_wrap = true
tracks/0/imported = false
tracks/0/enabled = true
tracks/0/keys = {
"times": PoolRealArray( 0, 0.1, 0.2, 0.3, 0.4, 0.5, 0.6, 0.7, 0.8, 0.9 ),
"transitions": PoolRealArray( 1, 1, 1, 1, 1, 1, 1, 1, 1, 1 ),
"update": 1,
"values": [ 8, 9, 10, 11, 12, 13, 14, 15, 16, 17 ]
}

[sub_resource type="AnimationNodeAnimation" id=15]
animation = "attack1"

[sub_resource type="AnimationNodeAnimation" id=16]
animation = "attack2"

[sub_resource type="AnimationNodeAnimation" id=17]
animation = "attack3"

[sub_resource type="AnimationNodeAnimation" id=18]
animation = "blocked"

[sub_resource type="AnimationNodeAnimation" id=19]
animation = "blocking"

[sub_resource type="AnimationNodeAnimation" id=20]
animation = "death"

[sub_resource type="AnimationNodeAnimation" id=21]
animation = "fall"

[sub_resource type="AnimationNodeAnimation" id=22]
animation = "hurt"

[sub_resource type="AnimationNodeAnimation" id=23]
animation = "idle"

[sub_resource type="AnimationNodeAnimation" id=24]
animation = "jump"

[sub_resource type="AnimationNodeAnimation" id=25]
animation = "run"

[sub_resource type="AnimationNodeStateMachineTransition" id=26]

[sub_resource type="AnimationNodeStateMachineTransition" id=27]

[sub_resource type="AnimationNodeStateMachineTransition" id=28]

[sub_resource type="AnimationNodeStateMachineTransition" id=29]
switch_mode = 2
auto_advance = true

[sub_resource type="AnimationNodeStateMachineTransition" id=30]

[sub_resource type="AnimationNodeStateMachineTransition" id=31]
switch_mode = 2
auto_advance = true

[sub_resource type="AnimationNodeStateMachineTransition" id=32]

[sub_resource type="AnimationNodeStateMachineTransition" id=33]
switch_mode = 2
auto_advance = true

[sub_resource type="AnimationNodeStateMachineTransition" id=34]

[sub_resource type="AnimationNodeStateMachineTransition" id=35]

[sub_resource type="AnimationNodeStateMachineTransition" id=36]

[sub_resource type="AnimationNodeStateMachineTransition" id=37]

[sub_resource type="AnimationNodeStateMachineTransition" id=38]

[sub_resource type="AnimationNodeStateMachineTransition" id=39]

[sub_resource type="AnimationNodeStateMachineTransition" id=40]

[sub_resource type="AnimationNodeStateMachineTransition" id=41]

[sub_resource type="AnimationNodeStateMachineTransition" id=42]

[sub_resource type="AnimationNodeStateMachineTransition" id=43]

[sub_resource type="AnimationNodeStateMachineTransition" id=44]

[sub_resource type="AnimationNodeStateMachineTransition" id=45]

[sub_resource type="AnimationNodeStateMachineTransition" id=46]

[sub_resource type="AnimationNodeStateMachineTransition" id=47]

[sub_resource type="AnimationNodeStateMachineTransition" id=48]

[sub_resource type="AnimationNodeStateMachineTransition" id=49]

[sub_resource type="AnimationNodeStateMachineTransition" id=50]

[sub_resource type="AnimationNodeStateMachineTransition" id=51]

[sub_resource type="AnimationNodeStateMachineTransition" id=52]

[sub_resource type="AnimationNodeStateMachineTransition" id=53]
switch_mode = 2
auto_advance = true

[sub_resource type="AnimationNodeStateMachineTransition" id=54]

[sub_resource type="AnimationNodeStateMachineTransition" id=55]
switch_mode = 2
auto_advance = true

[sub_resource type="AnimationNodeStateMachineTransition" id=56]

[sub_resource type="AnimationNodeStateMachineTransition" id=57]

[sub_resource type="AnimationNodeStateMachineTransition" id=58]

[sub_resource type="AnimationNodeStateMachineTransition" id=59]

[sub_resource type="AnimationNodeStateMachine" id=60]
states/attack1/node = SubResource( 15 )
states/attack1/position = Vector2( -757, 11 )
states/attack2/node = SubResource( 16 )
states/attack2/position = Vector2( -484, 159 )
states/attack3/node = SubResource( 17 )
states/attack3/position = Vector2( -507, 312 )
states/blocked/node = SubResource( 18 )
states/blocked/position = Vector2( -1480, 387.642 )
states/blocking/node = SubResource( 19 )
states/blocking/position = Vector2( -1304, 278 )
states/death/node = SubResource( 20 )
states/death/position = Vector2( -864, 349.642 )
states/fall/node = SubResource( 21 )
states/fall/position = Vector2( -1402, 150.33 )
states/hurt/node = SubResource( 22 )
states/hurt/position = Vector2( -1115, 312 )
states/idle/node = SubResource( 23 )
states/idle/position = Vector2( -1100, 177.33 )
states/jump/node = SubResource( 24 )
states/jump/position = Vector2( -1616, 144.33 )
states/run/node = SubResource( 25 )
states/run/position = Vector2( -1337, -4.67 )
transitions = [ "idle", "run", SubResource( 26 ), "run", "idle", SubResource( 27 ), "idle", "attack1", SubResource( 28 ), "attack1", "idle", SubResource( 29 ), "idle", "attack2", SubResource( 30 ), "attack2", "idle", SubResource( 31 ), "idle", "attack3", SubResource( 32 ), "attack3", "idle", SubResource( 33 ), "attack1", "attack2", SubResource( 34 ), "attack2", "attack3", SubResource( 35 ), "run", "attack1", SubResource( 36 ), "run", "attack2", SubResource( 37 ), "run", "attack3", SubResource( 38 ), "idle", "fall", SubResource( 39 ), "idle", "jump", SubResource( 40 ), "jump", "fall", SubResource( 41 ), "run", "fall", SubResource( 42 ), "run", "jump", SubResource( 43 ), "fall", "jump", SubResource( 44 ), "attack3", "attack1", SubResource( 45 ), "attack1", "run", SubResource( 46 ), "attack2", "run", SubResource( 47 ), "attack3", "run", SubResource( 48 ), "idle", "blocking", SubResource( 49 ), "run", "blocking", SubResource( 50 ), "idle", "hurt", SubResource( 51 ), "idle", "death", SubResource( 52 ), "hurt", "idle", SubResource( 53 ), "blocking", "blocked", SubResource( 54 ), "blocked", "blocking", SubResource( 55 ), "blocking", "idle", SubResource( 56 ), "attack1", "death", SubResource( 57 ), "attack3", "death", SubResource( 58 ), "attack2", "death", SubResource( 59 ) ]
start_node = "idle"
end_node = "death"
graph_offset = Vector2( -1837, -68.358 )

[sub_resource type="AnimationNodeStateMachinePlayback" id=61]

[node name="PlayerKnight" type="KinematicBody2D"]
collision_layer = 2
collision_mask = 11
script = ExtResource( 2 )
speed = 300
jump_speed = -600

[node name="Camera2D" type="Camera2D" parent="."]
current = true
smoothing_enabled = true
offset_v = -1.0

[node name="Sprite" type="Sprite" parent="."]
texture = ExtResource( 1 )
hframes = 10
vframes = 9
frame = 5

[node name="HitArea" type="Area2D" parent="Sprite"]

[node name="HitAreaCombo" type="CollisionShape2D" parent="Sprite/HitArea"]
position = Vector2( 25.6133, -0.222723 )
shape = SubResource( 1 )
disabled = true

[node name="HitAreaFinal" type="CollisionShape2D" parent="Sprite/HitArea"]
position = Vector2( 27.1724, 0 )
shape = SubResource( 2 )
disabled = true

[node name="CollisionShape2D" type="CollisionShape2D" parent="."]
position = Vector2( -1.87288, 5.43137 )
shape = SubResource( 3 )

[node name="AnimationPlayer" type="AnimationPlayer" parent="."]
anims/attack1 = SubResource( 4 )
anims/attack2 = SubResource( 5 )
anims/attack3 = SubResource( 6 )
anims/blocked = SubResource( 7 )
anims/blocking = SubResource( 8 )
anims/death = SubResource( 9 )
anims/fall = SubResource( 10 )
anims/hurt = SubResource( 11 )
anims/idle = SubResource( 12 )
anims/jump = SubResource( 13 )
anims/run = SubResource( 14 )

[node name="AnimationTree" type="AnimationTree" parent="."]
tree_root = SubResource( 60 )
anim_player = NodePath("../AnimationPlayer")
active = true
parameters/playback = SubResource( 61 )

[connection signal="body_entered" from="Sprite/HitArea" to="." method="_on_HitArea_body_entered"]
